@misc{cpdevKia,
  author       = {Department of Computer and Control Engineering, Rzeszow University of Technology},
  howpublished = {URL: https://cpdev.kia.prz.edu.pl/},
  title        = {CPDev - Integrated Development Environment for PLC Programming},
  year         = {2013},
  note         = {Dostęp 13.07.2025r.}
}

@article{cpdevFPGA,
  author    = {Zbigniew Hajduk and Jan Sadolewski and Bartosz Trybus},
  title     = {FPGA-based Execution Platform for IEC 61131-3 Control Software},
  journal   = {Przegląd Elektrotechniczny},
  year      = {2011},
  volume    = {2011}, 
  number    = {8},
  pages     = {187-191},
}

@article{cpdev2009,
  author    = {Dariusz Rzońca and Jan Sadolewski and Andrzej Stec and Zbigniew Świder and Bartosz Trybus and Leszek Trybus},
  title     = {Open environment for programming small controllers cording to IEC 61131-3 standard},
  journal   = {Scalable Computing : Practice and Experience},
  year      = {2009},
  volume    = {10}, 
  number    = {3},
  pages     = {325-326},
}
@misc{iec61131-3,
  author       = {International Electrotechnical Commission},
  title        = {IEC 61131-3:2013 Programmable controllers -- Part 3: Programming languages},
  year         = {2013},
  howpublished = {International Standard, IEC},
}

@misc{cpdevLanguages,
  author       = {E-Tronix},
  title        = {Pakiet inżynierski CPDev},
  year         = {2020},
  howpublished = {URL: https://e-tronix.eu/baza-wiedzy-pakiet-cpdev-i-codesys/},
  note         = {Dostęp 13.07.2025r.}
}
@misc{cpdevOperations,
  author       = {Department of Computer and Control Engineering, Rzeszow University of Technology},
  howpublished = {URL: https://cpdev.kia.prz.edu.pl/operations/},
  title        = {CPDev - Integrated Development Environment for PLC Programming},
  year         = {2013},
  note         = {Dostęp 13.07.2025r.}
}
@article{cpdevVM,
  author    = {Bartosz Trybus},
  title     = {Development and Implementation of IEC 61131-3 Virtual Machine},
  journal   = {Theoretical and Applied Informatics},
  year      = {2011},
  volume    = {23}, 
  number    = {1},
  pages     = {21-35},
}

@article{cpdevOverview,
  author    = {Dariusz Rzońca and Jan Sadolewski and Andrzej Stec and Zbigniew Świder and Bartosz Trybus and Leszek Trybus},
  title     = {Implementation of Engineering Environment - Case Study: CPDev Package},
  journal   = {Pomiary Automatyka Robotyka},
  year      = {2020},
  volume    = {24}, 
  number    = {1},
  pages     = {21-28},
}


@misc{contextFreeGrammar,
  author       = {geeksforgeeks},
  howpublished = {URL: https://www.geeksforgeeks.org/theory-of-computation/what-is-context-free-grammar/},
  title        = {What is Context-Free Grammar?},
  year         = {2025},
  note         = {Dostęp 13.07.2025r.}
}

@misc{derivationTree,
  author       = {Sławomir Lasota},
  howpublished = {URL: https://www.mimuw.edu.pl/~sl/teaching/14_15/JAiO/SLAJDY/slajdy07.pdf},
  title        = {Jęsyki, automaty i obliczenia},
  year         = {2015}
}

@misc{antlr4GitHub,
  author       = {Terrence Parr and Sam Harwell and inni},
  howpublished = {URL:https://github.com/antlr/antlr4},
  title        = {Antlr4},
  note         = {Dostęp 19.07.2025r.}
}

@misc{antlr4Org,
  author       = {Terrence Parr},
  howpublished = {URL:https://www.antlr.org/},
  title        = {Antlr4},
  note         = {Dostęp 19.07.2025r.}
}

@book{antlr4Book,
  author       = {Terrence Parr and Sam Harwell},
  title        = {The Definitive ANTLR 4 Reference},
  publisher    = {Pragmatic Bookshelf},
  year         = {2013}
}


@misc{antlr4Optimisation,
  author       = {Thorben Croise},
  howpublished = {URL:https://www.atfinity.swiss/articles/antlr-grammar-optimisation-what-worked-and-what-didnt},
  title        = {ANTLR Grammar Optimisation: What Worked and What Didn't},
  note         = {Dostęp 19.07.2025r.}
}

@misc{antlr4Performance,
  author = {Alession Stalla},
  howpublished = {URL : https://tomassetti.me/migrating-from-antlr2-to-antlr4},
  title = {Migrating from ANTLR2 to ANTLR4},
  year = {2020},
  note = {Dostęp 1.08.2025r.}
}

@misc{biosonOrg,
  author = {Free Software Foundation, Inc.},
  howpublished = {URL : https://www.gnu.org/software/bison/},
  title = {GNU Bison},
  year = {2014},
  note = {Dostęp 1.08.2025r.}
}


@misc{LLvsLR,
  author = {Alex ten Brink},
  howpublished = {URL : https://softwareengineering.stackexchange.com/questions/19541/what-are-the-main-advantages-and-disadvantages-of-ll-and-lr-parsing},
  title = {What are the main advantages and disadvantages of LL and LR parsing?},
  year = {2010},
  note = {Dostęp 1.08.2025r.}
}

@misc{antlrVsLexYacc,
  author = {Stack Overflow},
  howpublished = {URL : https://stackoverflow.com/questions/212900/advantages-of-antlr-versus-say-lex-yacc-bison},
  title = {Advantages of ANTLR versus say lex/yacc/bison?},
  year = {2009},
  note = {Dostęp 1.08.2025r.}
}


